@inproceedings{frankowski2006you,
  title={You are what you say: privacy risks of public mentions},
  author={Frankowski, Dan and Cosley, Dan and Sen, Shilad and Terveen, Loren and Riedl, John},
  booktitle={Proceedings of the 29th annual international ACM SIGIR conference on Research and development in information retrieval},
  pages={565--572},
  year={2006},
  organization={ACM}
}

@inproceedings{ackerman1999privacy,
  title={Privacy in e-commerce: examining user scenarios and privacy preferences},
  author={Ackerman, Mark S and Cranor, Lorrie Faith and Reagle, Joseph},
  booktitle={Proceedings of the 1st ACM conference on Electronic commerce},
  pages={1--8},
  year={1999},
  organization={ACM}
}
@article{taylor2003most,
  title={Most people are `privacy pragmatists' who, while concerned about privacy, will sometimes trade it off for other benefits},
  author={Taylor, Humphrey},
  journal={The Harris Poll},
  volume={17},
  number={19},
  pages={44},
  year={2003}
}

@inproceedings{dave2003mining,
  title={Mining the peanut gallery: Opinion extraction and semantic classification of product reviews},
  author={Dave, Kushal and Lawrence, Steve and Pennock, David M},
  booktitle={Proceedings of the 12th international conference on World Wide Web},
  pages={519--528},
  year={2003},
  organization={ACM}
}

@article{kraft2007mashing,
  title={Mashing up the internet},
  author={Kraft, Michelle A},
  journal={Medical Reference Services Quarterly},
  volume={26},
  number={S1},
  pages={191--207},
  year={2007},
  publisher={Taylor \& Francis}
}
@inproceedings{pang2002thumbs,
  title={Thumbs up: sentiment classification using machine learning techniques},
  author={Pang, Bo and Lee, Lillian and Vaithyanathan, Shivakumar},
  booktitle={Proceedings of the ACL-02 conference on Empirical methods in natural language processing-Volume 10},
  pages={79--86},
  year={2002},
  organization={Association for Computational Linguistics}
}



@misc{west,
title="West Coast of the United States",
note= "http://en.wikipedia.org/wiki/West\_Coast\_of\_the\_United\_States",
}

@misc{mnames,
title="300 Most Common Male Names in the U.S.",
note= "http://names.mongabay.com/male\_names.htm",
}

@misc{fnames,
title="1000 Most Common Female Names in the U.S.",
note= "http://names.mongabay.com/female\_names.htm",
}

@misc{dmoz,
title="DMOZ",
note= "http://www.dmoz.org/",
}

@misc{east,
title="East Coast of the United States",
note = "http://en.wikipedia.org/wiki/East\_Coast\_of\_the\_United\_States",
}

@misc{searcheng,
title="Amazon Wish List Search Engine",
note = "http://www.amazon.com/gp/registry/search",
}

@article{de2001mining,
  title={Mining e-mail content for author identification forensics},
  author={De Vel, Olivier and Anderson, Alison and Corney, Malcolm and Mohay, George},
  journal={ACM Sigmod Record},
  volume={30},
  number={4},
  pages={55--64},
  year={2001},
  publisher={ACM}
}
@inproceedings{Lee:2010:USS:1835449.1835522,
 author = {Lee, Kyumin and Caverlee, James and Webb, Steve},
 title = {Uncovering Social Spammers: Social Honeypots + Machine Learning},
 booktitle = {Proceedings of the 33rd International ACM SIGIR Conference on Research and Development in Information Retrieval},
 series = {SIGIR '10},
 year = {2010},
 isbn = {978-1-4503-0153-4},
 location = {Geneva, Switzerland},
 pages = {435--442},
 numpages = {8},
 url = {http://doi.acm.org/10.1145/1835449.1835522},
 doi = {10.1145/1835449.1835522},
 acmid = {1835522},
 publisher = {ACM},
 address = {New York, NY, USA},
 keywords = {social honeypots, social media, spam},
} 

@inproceedings{toutanova2003feature,
  title={Feature-rich part-of-speech tagging with a cyclic dependency network},
  author={Toutanova, Kristina and Klein, Dan and Manning, Christopher D and Singer, Yoram},
  booktitle={Proceedings of the 2003 Conference of the North American Chapter of the Association for Computational Linguistics on Human Language Technology-Volume 1},
  pages={173--180},
  year={2003},
  organization={Association for Computational Linguistics}
}